
%Entries

@Book{book-tan,
  title     = {Introduction to Data Mining},
  publisher = {Pearson},
  year      = {2006},
  author    = {Pang-Ning Tan and Michael Steinbach and Vipin Kumar},
  address   = {Boston, USA}
}

@Book{book-shai,
  title     = {Understanding Machine Learning: From Theory to Algorithms},
  publisher = {Cambridge University Press},
  year      = {2014},
  author    = {Shai Shalev-Shwartz and Shai Ben-David},
  address   = {New York, USA}
}


@Misc{www-who,
  title        = {Labelling systems to guide consumers to healthier options},
  author = {World Health Organization Europe},
  howpublished = {Webpage},
  month        = Mar,
  year         = {2017},
  url          = {http://www.euro.who.int/en/countries/france/news/news/2017/03/france-becomes-one-of-the-first-countries-in-region-to-recommend-colour-coded-front-of-pack-nutrition-labelling-system},
}

@Misc{www-coll,
  title        = {Multicollinearity},
  author = {Statistics Solutions},
  howpublished = {Webpage},
  month        = Mar,
  year         = {2017},
  url          = {http://www.statisticssolutions.com/multicollinearity/},
}

@Misc{www-health,
  title        = {Dietary Fats},
  author = {American Heart Association},
  howpublished = {Webpage},
  month        = Mar,
  year         = {2017},
  url          = {https://healthyforgood.heart.org/eat-smart/articles/dietary-fats},
}

@Misc{www-sugar,
  title        = {Recommended Daily Allowances of Fats, Sugars, Sodium for Adults},
  author = {Healthy Eating SFGate},
  howpublished = {Webpage},
  year         = {2017},
  url          = {http://healthyeating.sfgate.com/recommended-daily-allowances-fats-sugars-sodium-adults-2976.html},
}

@Misc{code-base,
  title        = {Code base - Analysis on food products around the world},
  author = {Karthik Vegi and Nisha Chandwani},
  howpublished = {github},
  month        = Dec,
  year         = {2017},
  url          = {https://github.com/bigdata-i523/hid231/tree/master/project/code},
}

@Article{hossin2015review,
  title={A review on evaluation metrics for data classification evaluations},
  author={Hossin, M and Sulaiman, MN},
  journal={International Journal of Data Mining \& Knowledge Management Process},
  volume={5},
  number={2},
  pages={1},
  year={2015},
  publisher={Academy and Industry Research Collaboration Center (AIRCC)}
}

@Article{cifuentes2012food,
  title={Food analysis: present, future, and foodomics},
  author={Cifuentes, Alejandro},
  journal={ISRN Analytical Chemistry},
  volume={2012},
  year={2012},
  pages={16},
  publisher={Hindawi Publishing Corporation}
}

http://healthyeating.sfgate.com/recommended-daily-allowances-fats-sugars-sodium-adults-2976.html
