
%Entries

@Misc{www-ieee,
  title        = {AI and Big Data vs. Air Pollution},
  howpublished = {Webpage},
  author = {IEEE Spectrum},
  month        = Dec,
  year         = {2016},
  url          = {https://spectrum.ieee.org/energy/environment/ai-and-big-data-vs-air-pollution},
}

@Misc{www-ibm1,
  title        = {Fake News - Big Data And Artificial Intelligence To The Rescue},
  author = {Jay Hardikar},
  howpublished = {Webpage},
  month        = Jan,
  year         = {2017},
  url          = {https://www.ibm.com/blogs/bluemix/2017/01/environmental-analysis-era-cloud-big-data-platforms/},
}

@Misc{www-ral,
  title        = {Air Pollution: A Global Problem},
  author = {Research Applications Laboratory},
  howpublished = {Webpage},
  month        = Apr,
  year         = {2016},
  url          = {https://ral.ucar.edu/pressroom/features/air-pollution-a-global-problem},
}

@InProceedings{Hassan2015,
  author    = {Naeemul Hassan and Bill Adair and James T. Hamilton and Chengkai Li and Mark Tremayne and Jun Yang and Cong Yu},
  title     = {The Quest to Automate Fact-Checking},
  year      = {2015},
  month     = {10},
  pages     = {},
  publisher = {Brown Institute of Media Innovation},
  address   = {New York, NY, USA},
  booktitle = {Proceedings of the 2015 Computation + Journalism Symposium}
}

@InProceedings{Claimbuster2017,
author = {Hassan, Naeemul and Kumar Nayak, Anil and Sable, Vikas and Li, Chengkai and Tremayne, Mark and Zhang, Gensheng and Arslan, Fatma and Caraballo, Josue and Jimenez, Damian and Gawsane, Siddhant and Hasan, Shohedul and Joseph, Minumol and Kulkarni, Aaditya},
year = {2017},
journal = {Very Large Database Endowment},
month = {08},
pages = {1945-1948},
title = {ClaimBuster: the first-ever end-to-end fact-checking system},
volume = {10},
booktitle = {Proceedings of the VLDB Endowment}
}

@InProceedings{Zhao2014,
  author    = {Zhou Zhao and James Cheng and Wilfred  Ng},
  title     = {Truth Discovery in Data Streams: A Single-Pass Probabilistic Approach},
  booktitle = {Proceedings of the 23rd ACM International Conference on Conference on Information and Knowledge Management},
  year      = {2014},
  series    = {CIKM '14},
  pages     = {1589--1598},
  address   = {New York, NY, USA},
  publisher = {ACM},
  acmid     = {2661892},
  doi       = {10.1145/2661829.2661892},
  isbn      = {978-1-4503-2598-1},
  keywords  = {data stream, truth discovery},
  location  = {Shanghai, China},
  url       = {http://doi.acm.org/10.1145/2661829.2661892}
}
